@inproceedings{Yao:1980,
  title={Efficient dynamic programming using quadrangle inequalities},
  author={Yao, F Frances},
  booktitle={Proceedings of the twelfth annual ACM symposium on Theory of computing},
  pages={429--435},
  year={1980},
  organization={ACM}
}

@article{Yao:1982,
  title={Speed-up in dynamic programming},
  author={Yao, F Frances},
  journal={SIAM Journal on Algebraic Discrete Methods},
  volume={3},
  number={4},
  pages={532--540},
  year={1982},
  publisher={SIAM}
}

@article{Bein:2009,
  title={The Knuth-Yao quadrangle-inequality speedup is a consequence of total monotonicity},
  author={Bein, Wolfgang and Golin, Mordecai J and Larmore, Lawrence L and Zhang, Yan},
  journal={ACM Transactions on Algorithms (TALG)},
  volume={6},
  number={1},
  pages={17},
  year={2009},
  publisher={ACM}
}

@article{Aggarwal:1987,
  title={Geometric applications of a matrix-searching algorithm},
  author={Aggarwal, Alok and Klawe, Maria M and Moran, Shlomo and Shor, Peter and Wilber, Robert},
  journal={Algorithmica},
  volume={2},
  number={1-4},
  pages={195--208},
  year={1987},
  publisher={Springer}
}

@article{Galil:1992,
  title={Dynamic programming with convexity, concavity and sparsity},
  author={Galil, Zvi and Park, Kunsoo},
  journal={Theoretical Computer Science},
  volume={92},
  number={1},
  pages={49--76},
  year={1992},
  publisher={Elsevier}
}

@Misc{Quora:DivConq,
	title={What is divide and conquer optimization in dynamic programming?},
	howpublished={https://www.quora.com/What-is-divide-and-conquer-optimization-in-dynamic-programming},
	month=may,
	year={2017},
	OPTkey={},
	OPTauthor={},
	OPTnote={},
	OPTannote={}
}

@Misc{CF:Optm,
	title={Dynamic Programming Optimizations},
	howpublished={http://codeforces.com/blog/entry/8219},
	month=may,
	year={2017},
	OPTkey={},
	OPTauthor={},
	OPTnote={},
	OPTannote={}
}

@article{Burkard:1996,
  title={Perspectives of Monge properties in optimization},
  author={Burkard, Rainer E and Klinz, Bettina and Rudolf, R{\"u}diger},
  journal={Discrete Applied Mathematics},
  volume={70},
  number={2},
  pages={95--161},
  year={1996},
  publisher={Elsevier}
}

@article{Brucker:1995,
  title={Efficient algorithms for some path partitioning problems},
  author={Brucker, Peter},
  journal={Discrete applied mathematics},
  volume={62},
  number={1-3},
  pages={77--85},
  year={1995},
  publisher={Elsevier}
}

@article{Knuth:1971,
  title={Optimum binary search trees},
  author={Knuth, Donald E},
  journal={Acta informatica},
  volume={1},
  number={1},
  pages={14--25},
  year={1971},
  publisher={Springer}
}

@book{Berg:2008,
  title={Computational Geometry: Introduction},
  author={De Berg, Mark and Cheong, Otfried and Van Kreveld, Marc and Overmars, Mark},
  year={2008},
  publisher={Springer}
}

@book{CLRS,
  title={Introduction to algorithms},
  author={Cormen, Thomas H},
  year={2009},
  edition={3rd},
  publisher={MIT press}
}

@article{Fredman:1975,
  title={On computing the length of longest increasing subsequences},
  author={Fredman, Michael L},
  journal={Discrete Mathematics},
  volume={11},
  number={1},
  pages={29--35},
  year={1975},
  publisher={Elsevier}
}

@article{Klawe:1990,
  title={An almost linear time algorithm for generalized matrix searching},
  author={Klawe, Maria M and Kleitman, Daniel J},
  journal={SIAM Journal on Discrete Mathematics},
  volume={3},
  number={1},
  pages={81--97},
  year={1990},
  publisher={SIAM}
}

@article{Galil:1989,
  title={Speeding up dynamic programming with applications to molecular biology},
  author={Galil, Zvi and Giancarlo, Raffaele},
  journal={Theoretical Computer Science},
  volume={64},
  number={1},
  pages={107--118},
  year={1989},
  publisher={Elsevier}
}
