@inproceedings{Yao:1980,
 author = {Yao, F. Frances},
 title = {Efficient Dynamic Programming Using Quadrangle Inequalities},
 booktitle = {Proceedings of the Twelfth Annual ACM Symposium on Theory of Computing},
 series = {STOC '80},
 year = {1980},
 isbn = {0-89791-017-6},
 location = {Los Angeles, California, USA},
 pages = {429--435},
 numpages = {7},
 url = {http://doi.acm.org/10.1145/800141.804691},
 doi = {10.1145/800141.804691},
 acmid = {804691},
 publisher = {ACM},
 address = {New York, NY, USA},
}

